@misc{cup,
	title = {CU-Prime},
	url = {https://sites.google.com/a/colorado.edu/cu-prime/home?authuser=0}
}
@misc{jJ22,
	title = {Juno and Jupiter: A Turbulent Affair},
	author = {T. Oliver},
	year = {2023},
	url = {{
	https://www.youtube.com/watch?v=81O9gTVLFoQ&t=471s&ab_channel=CU-Prime}
}
}
@article{kD20,
author = {Kuhelli Dutt},
title = {Race and racism in the geosciences},
journal = {Nat. Geosci.},
volume = {13},
pages = {2-3},
year = {2020}
}
@article{jH07,
author = {Jacqueline E. Huntoon and Melissa J. Lane},
title = {Diversity in the Geosciences and Successful Strategies for Increasing Diversity},
journal = {J. Geosci. Edu.},
volume = {55},
pages = {447-457},
year = {2007}
}

	
