
Expand common Journal abbreviations if they are unrecognized. These commands
will expand various control sequences such as

   \apj     ---> Astrophys. J.
   \nat     ---> Nature
   \grl     ---> Geophys. Res. Lett.
   \icarus  ---> Icarus
   \aap     ---> Astron. Astrophys.
   \physscr ---> Phys. Scripta
   \ssr     ---> Space Sci. Rev.
   \pre     ---> Phys. Rev. E

@preamble{"\newcommand{\jfm}{JFM.~}"}
@preamble{"\newcommand{\pss}{PSS.~}"}
@preamble{"\newcommand{\araa}{ARAA.~}"}
@preamble{"\newcommand{\icarus}{Icarus }"}
@preamble{"\newcommand{\aap}{AAp~}"}
@preamble{"\newcommand{\physscr}{Phys. Scripta }"}
@preamble{"\newcommand{\ssr}{SSR~}"}
@preamble{"\newcommand{\pnas}{PNAS~}"}
@preamble{"\newcommand{\grl}{GeoRL~}"}
@preamble{"\newcommand{\ncom}{NatCo~}"}
@preamble{"\newcommand{\nat}{Nat~}"}
@preamble{"\newcommand{\ngeo}{NGeo.~}"}
@preamble{"\newcommand{\nast}{NatAs.~}"}
@preamble{"\newcommand{\njp}{NJP~}"}
@preamble{"\newcommand{\prf}{PhRvF }"}
@preamble{"\newcommand{\prr}{PRR }"}
@preamble{"\newcommand{\sadv}{SciAdv~}"}
@preamble{"\newcommand{\jgr}{JGR}"}
@preamble{"\newcommand{\jgrp}{JGRP}"}
@preamble{"\newcommand{\jgro}{JGRO}"}
@preamble{"\newcommand{\ess}{ESS}"}
@preamble{"\newcommand{\apj}{ApJ}"}
@preamble{"\newcommand{\apjl}{ApJL}"}
@preamble{"\newcommand{\gafd}{GAFD}"}
@preamble{"\newcommand{\gji}{GJI}"}
@preamble{"\newcommand{\ncee}{NCEE}"}
