
Expand common Journal abbreviations if they are unrecognized. These commands
will expand various control sequences such as

   \apj     ---> Astrophys. J.
   \nat     ---> Nature
   \grl     ---> Geophys. Res. Lett.
   \icarus  ---> Icarus
   \aap     ---> Astron. Astrophys.
   \physscr ---> Phys. Scripta
   \ssr     ---> Space Sci. Rev.
   \pre     ---> Phys. Rev. E

@preamble{"\newcommand{\jfm}{Jour. Fluid Mech.~}"}
@preamble{"\newcommand{\psj}{Plan. Sci. Jour.~}"}
@preamble{"\newcommand{\pss}{PSS.~}"}
@preamble{"\newcommand{\araa}{ARAA.~}"}
@preamble{"\newcommand{\icarus}{Icarus }"}
@preamble{"\newcommand{\aap}{AAp~}"}
@preamble{"\newcommand{\physscr}{Phys. Scripta }"}
@preamble{"\newcommand{\ssr}{SSR~}"}
@preamble{"\newcommand{\pnas}{Proc. Nat. Acad. of Sci.~}"}
@preamble{"\newcommand{\grl}{GeoRL~}"}
@preamble{"\newcommand{\ncom}{Nature Comm.~}"}
@preamble{"\newcommand{\nat}{Nature~}"}
@preamble{"\newcommand{\natp}{Nature Physics~}"}
@preamble{"\newcommand{\ngeo}{Nature Geophysics.~}"}
@preamble{"\newcommand{\nast}{Nature Astronomt~}"}
@preamble{"\newcommand{\njp}{NJP~}"}
@preamble{"\newcommand{\prf}{PhRvF }"}
@preamble{"\newcommand{\prr}{PRR }"}
@preamble{"\newcommand{\sadv}{SciAdv~}"}
@preamble{"\newcommand{\sci}{Science~}"}
@preamble{"\newcommand{\jgr}{Jour. Geophys. Res.}"}
@preamble{"\newcommand{\jgrp}{Jour. Geophys. Res.: Planets}"}
@preamble{"\newcommand{\jgro}{Jour. Geophys. Res.: Oceans}"}
@preamble{"\newcommand{\ess}{ESS}"}
@preamble{"\newcommand{\apj}{ApJ}"}
@preamble{"\newcommand{\apjl}{ApJL}"}
@preamble{"\newcommand{\gafd}{GAFD}"}
@preamble{"\newcommand{\gji}{GJI}"}
@preamble{"\newcommand{\ncee}{NCEE}"}
